@online{chmi,
  title        = {Radar.bourky},
  date         = 2021,
  url          = {http://radar.bourky.cz/data/pacz2gmaps.z\_max3d.20201001.1600.0.png},
  subtitle     = {chmi},
  urldate      = {2020-10-01},
  langid       = {czech},
}

@online{medard,
  title        = {Medard-online},
  date         = 2021,
  url          = {http://www.medard-online.cz/apiforecast?run=210313_06&forecast=precip&layer=eu&step=13},
  urldate      = {2021-01-24},
  langid       = {czech},
}

@online{shull,
  title        = {S-hull: a fast sweep-hull routine for Delaunay triangulation},
  date         = 2021,
  url          = {http://www.s-hull.org/},
  urldate      = {2021-03-16},
  langid       = {english},
  author = {Dr David Sinclair, Phil Atkin},
}

@online{interp,
  title        = {Interpolating in a Triangle},
  date         = 2021,
  url          = {https://codeplea.com/triangular-interpolation},
  urldate      = {2021-03-16},
  langid       = {english},
}