@online{coltrian,
  title        = {Interpolace trojuhelnik},
  date         = 2021,
  url          = {https://www.alecjacobson.com/weblog/?p=3398},
  subtitle     = {alecjacobson},
  urldate      = {2021-05-27},
}

@online{chmi,
  title        = {Radar.bourky},
  date         = 2021,
  url          = {http://radar.bourky.cz/data/pacz2gmaps.z\_max3d.20201001.1600.0.png},
  subtitle     = {chmi},
  urldate      = {2020-10-01},
  langid       = {czech},
}

@online{yrno,
  title        = {Yr.no},
  date         = 2021,
  url          = {https://www.yr.no/en},
  urldate      = {2021-04-04},
  langid       = {czech},
}

@online{owm,
  title        = {OpenWeatherMap},
  date         = 2021,
  url          = {https://openweathermap.org/},
  urldate      = {2021-04-04},
  langid       = {czech},
}

@online{weun,
  title        = {WeatherUnlocked},
  date         = 2021,
  url          = {http://www.weatherunlocked.com/},
  urldate      = {2021-04-04},
  langid       = {czech},
}

@online{medard,
  title        = {Medard-online},
  date         = 2021,
  url          = {http://www.medard-online.cz/apiforecast?run=210313_06&forecast=precip&layer=eu&step=13},
  urldate      = {2021-01-24},
  langid       = {czech},
}

@online{shull,
  title        = {S-hull: a fast sweep-hull routine for Delaunay triangulation},
  date         = 2021,
  url          = {http://www.s-hull.org/},
  urldate      = {2021-03-16},
  langid       = {english},
  author = "Sinclair, David and Atkin, Phil",
}

@online{interp,
  title        = {Interpolating in a Triangle},
  date         = 2021,
  url          = {https://codeplea.com/triangular-interpolation},
  urldate      = {2021-03-16},
  langid       = {english},
}

