@online{chmi,
  title        = {Radar.bourky},
  date         = 2021,
  url          = {http://radar.bourky.cz/data/pacz2gmaps.z\_max3d.20201001.1600.0.png},
  subtitle     = {chmi},
  urldate      = {2020-10-01},
  langid       = {czech},
}

@online{medard,
  title        = {Medard-online},
  date         = 2021,
  url          = {http://www.medard-online.cz/apiforecast?run=210313_06&forecast=precip&layer=eu&step=13},
  urldate      = {2021-01-24},
  langid       = {czech},
}

@online{shull,
  title        = {S-hull: a fast sweep-hull routine for Delaunay triangulation},
  date         = 2021,
  url          = {http://www.s-hull.org/},
  urldate      = {2021-03-16},
  langid       = {english},
  author = "Sinclair, David and Atkin, Phil",
}

@online{interp,
  title        = {Interpolating in a Triangle},
  date         = 2021,
  url          = {https://codeplea.com/triangular-interpolation},
  urldate      = {2021-03-16},
  langid       = {english},
}

@book{bSkeet,
  author       = {Jon Skeet},
  title        = {C\# in Depth, Third edition},
  date         = 2014,
  publisher    = {Shelter Island, N.Y: Manning},
  location     = {New York},
  langid       = {english},
  isbn         = {0-816-52066-6},
  langidopts   = {variant=american},
}

@book{bMVC,
  author       = {Adam Freeman},
  title        = {Pro ASP.NET Core MVC 2},
  date         = 2017,
  publisher    = {NY: Springer Science+Business Media},
  location     = {New York},
  langid       = {english},
  isbn         = {978-1484231494},
  langidopts   = {variant=american},
}

@book{bTriangulation,
  author       = "A. De Loera, Jesús and Rambau, Jörg and Santos, Francisco",
  title        = {Triangulations, Structures for Algorithms and Applications},
  date         = 2010,
  publisher    = {Springer Publishing Company, Incorporated},
  langid       = {english},
  isbn         = {978-3-642-12971-1},
}

@online{mapbox,
  title        = {Mapbox},
  date         = 2021,
  url          = {https://www.mapbox.com/},
  urldate      = {2021-04-04},
  langid       = {czech},
}

@online{yrno,
  title        = {Yr.no},
  date         = 2021,
  url          = {https://www.yr.no/en},
  urldate      = {2021-04-04},
  langid       = {czech},
}

@online{owm,
  title        = {OpenWeatherMap},
  date         = 2021,
  url          = {https://openweathermap.org/},
  urldate      = {2021-04-04},
  langid       = {czech},
}

@online{weun,
  title        = {WeatherUnlocked},
  date         = 2021,
  url          = {http://www.weatherunlocked.com/},
  urldate      = {2021-04-04},
  langid       = {czech},
}

@online{rhs,
  title        = {Pravidlo pravé ruky},
  date         = 2021,
  url          = {https://cs.wikipedia.org/wiki/Pravidlo_prav%C3%A9_ruky},
  urldate      = {2020-06-05},
  langid       = {czech},
}